@inproceedings{langid,
 author = {Lui, Marco and Baldwin, Timothy},
 title = {Langid.Py: An Off-the-shelf Language Identification Tool},
 booktitle = {Proceedings of the ACL 2012 System Demonstrations},
 series = {ACL '12},
 year = {2012},
 location = {Jeju Island, Korea},
 pages = {25--30},
 numpages = {6},
 url = {http://dl.acm.org/citation.cfm?id=2390470.2390475},
 acmid = {2390475},
 publisher = {Association for Computational Linguistics},
 address = {Stroudsburg, PA, USA},
} 

@inproceedings{Bewley2016_sort,
  author={Bewley, Alex and Ge, Zongyuan and Ott, Lionel and Ramos, Fabio and Upcroft, Ben},
  booktitle={2016 IEEE International Conference on Image Processing (ICIP)},
  title={Simple online and realtime tracking},
  year={2016},
  pages={3464-3468},
  keywords={Benchmark testing;Complexity theory;Detectors;Kalman filters;Target tracking;Visualization;Computer Vision;Data Association;Detection;Multiple Object Tracking},
  doi={10.1109/ICIP.2016.7533003}
}

@book{hartley_zisserman_2004, 
place={Cambridge}, 
edition={2}, 
title={Multiple View Geometry in Computer Vision}, 
DOI={10.1017/CBO9780511811685}, 
publisher={Cambridge University Press}, 
author={Hartley, Richard and Zisserman, Andrew}, 
year={2004},
pages = {88--92}
}
